<?xml version="1.0" encoding="UTF-8"?>
<marc:record xmlns:marc="http://www.loc.gov/MARC21/slim" xmlns:xsi="http://www.w3.org/2001/XMLSchema-instance" xsi:schemaLocation="http://www.loc.gov/standards/marcxml/schema/MARC21slim.xsd">
  <marc:controlfield tag="001">pe20000364</marc:controlfield>
  <marc:controlfield tag="003">DE-633</marc:controlfield>
  <marc:controlfield tag="005">20190703053833.0</marc:controlfield>
  <marc:controlfield tag="008">161109n|||||||a||| a</marc:controlfield>
  <marc:datafield tag="024" ind1="7" ind2=" ">
    <marc:subfield code="a">34643473</marc:subfield>
    <marc:subfield code="2">VIAF</marc:subfield>
  </marc:datafield>
  <marc:datafield tag="024" ind1="7" ind2=" ">
    <marc:subfield code="a">11855588X</marc:subfield>
    <marc:subfield code="2">DNB</marc:subfield>
  </marc:datafield>
  <marc:datafield tag="024" ind1="7" ind2=" ">
    <marc:subfield code="a">SBLV295785</marc:subfield>
    <marc:subfield code="2">ICCU</marc:subfield>
  </marc:datafield>
  <marc:datafield tag="024" ind1="7" ind2=" ">
    <marc:subfield code="a">Q316668</marc:subfield>
    <marc:subfield code="2">WKP</marc:subfield>
  </marc:datafield>
  <marc:datafield tag="040" ind1=" " ind2=" ">
    <marc:subfield code="a">DE-633</marc:subfield>
  </marc:datafield>
  <marc:datafield tag="042" ind1=" " ind2=" ">
    <marc:subfield code="a">individualized</marc:subfield>
  </marc:datafield>
  <marc:datafield tag="100" ind1="1" ind2=" ">
    <marc:subfield code="a">Isaac, Heinrich</marc:subfield>
    <marc:subfield code="d">1450c-1517</marc:subfield>
    <marc:subfield code="y">1450c-26.03.1517</marc:subfield>
  </marc:datafield>
  <marc:datafield tag="375" ind1=" " ind2=" ">
    <marc:subfield code="a">male</marc:subfield>
  </marc:datafield>
  <marc:datafield tag="400" ind1="1" ind2=" ">
    <marc:subfield code="a">Isac, Heinrich</marc:subfield>
    <marc:subfield code="j">xx</marc:subfield>
  </marc:datafield>
  <marc:datafield tag="400" ind1="1" ind2=" ">
    <marc:subfield code="a">Izac, Heinrich</marc:subfield>
    <marc:subfield code="j">xx</marc:subfield>
  </marc:datafield>
  <marc:datafield tag="400" ind1="1" ind2=" ">
    <marc:subfield code="a">Arrigo il Tedesco</marc:subfield>
    <marc:subfield code="j">xx</marc:subfield>
  </marc:datafield>
  <marc:datafield tag="400" ind1="1" ind2=" ">
    <marc:subfield code="a">Arrhigus, Heinrich</marc:subfield>
    <marc:subfield code="j">xx</marc:subfield>
  </marc:datafield>
  <marc:datafield tag="400" ind1="1" ind2=" ">
    <marc:subfield code="a">Yzac, Heinrich</marc:subfield>
    <marc:subfield code="j">xx</marc:subfield>
  </marc:datafield>
  <marc:datafield tag="400" ind1="1" ind2=" ">
    <marc:subfield code="a">Arrigo di Fiandra</marc:subfield>
    <marc:subfield code="j">xx</marc:subfield>
  </marc:datafield>
  <marc:datafield tag="400" ind1="1" ind2=" ">
    <marc:subfield code="a">Arrigo de Alemania</marc:subfield>
    <marc:subfield code="j">xx</marc:subfield>
  </marc:datafield>
  <marc:datafield tag="400" ind1="1" ind2=" ">
    <marc:subfield code="a">Arrigo d'Ugo</marc:subfield>
    <marc:subfield code="j">xx</marc:subfield>
  </marc:datafield>
  <marc:datafield tag="400" ind1="1" ind2=" ">
    <marc:subfield code="a">Arrigo Ugonis</marc:subfield>
    <marc:subfield code="j">xx</marc:subfield>
  </marc:datafield>
  <marc:datafield tag="400" ind1="1" ind2=" ">
    <marc:subfield code="a">Arrigo Tedesco</marc:subfield>
    <marc:subfield code="j">xx</marc:subfield>
  </marc:datafield>
  <marc:datafield tag="400" ind1="1" ind2=" ">
    <marc:subfield code="a">Isaak, Heinrich</marc:subfield>
    <marc:subfield code="j">xx</marc:subfield>
  </marc:datafield>
  <marc:datafield tag="400" ind1="1" ind2=" ">
    <marc:subfield code="a">Ysak, Heinrich</marc:subfield>
    <marc:subfield code="j">xx</marc:subfield>
  </marc:datafield>
  <marc:datafield tag="400" ind1="1" ind2=" ">
    <marc:subfield code="a">Ysac, Heinrich</marc:subfield>
    <marc:subfield code="j">xx</marc:subfield>
  </marc:datafield>
  <marc:datafield tag="400" ind1="1" ind2=" ">
    <marc:subfield code="a">Ysach, Heinrich</marc:subfield>
    <marc:subfield code="j">xx</marc:subfield>
  </marc:datafield>
  <marc:datafield tag="400" ind1="1" ind2=" ">
    <marc:subfield code="a">Yzaac, Heinrich</marc:subfield>
    <marc:subfield code="j">xx</marc:subfield>
  </marc:datafield>
  <marc:datafield tag="400" ind1="1" ind2=" ">
    <marc:subfield code="a">Ysaac, Heinrich</marc:subfield>
    <marc:subfield code="j">xx</marc:subfield>
  </marc:datafield>
  <marc:datafield tag="400" ind1="1" ind2=" ">
    <marc:subfield code="a">Isaac, Henricus</marc:subfield>
    <marc:subfield code="j">xx</marc:subfield>
  </marc:datafield>
  <marc:datafield tag="550" ind1=" " ind2=" ">
    <marc:subfield code="a">Composer</marc:subfield>
  </marc:datafield>
  <marc:datafield tag="550" ind1=" " ind2=" ">
    <marc:subfield code="a">Organist</marc:subfield>
  </marc:datafield>
  <marc:datafield tag="551" ind1=" " ind2=" ">
    <marc:subfield code="a">Firenze</marc:subfield>
    <marc:subfield code="i">so</marc:subfield>
  </marc:datafield>
  <marc:datafield tag="670" ind1=" " ind2=" ">
    <marc:subfield code="a">DEUMM/b</marc:subfield>
    <marc:subfield code="b">Isaac, Heinrich [1450c-1517]</marc:subfield>
    <marc:subfield code="w">1577</marc:subfield>
  </marc:datafield>
  <marc:datafield tag="670" ind1=" " ind2=" ">
    <marc:subfield code="a">EitnerQ</marc:subfield>
    <marc:subfield code="b">Isaac, Heinrich (Ysach; Yzac; Arrhigo Tedesco) [(fl. 1477p-1515)]</marc:subfield>
    <marc:subfield code="w">1272</marc:subfield>
  </marc:datafield>
  <marc:datafield tag="670" ind1=" " ind2=" ">
    <marc:subfield code="a">Grove|6</marc:subfield>
    <marc:subfield code="b">Isaac, Heinrich (Isaak; Ysac; Yzac) (Henricus) (Arrigo d'Ugo; Arrigo il Tedesco) [1450c-1517]</marc:subfield>
    <marc:subfield code="w">1258</marc:subfield>
  </marc:datafield>
  <marc:datafield tag="670" ind1=" " ind2=" ">
    <marc:subfield code="a">Grove|7</marc:subfield>
    <marc:subfield code="b">Isaac, Henricus (Ysaac; Ysac; Yzac) (Heinrich; Arrigo d'Ugo; Arrigo Tedesco) [1450p (1455a)-1517]</marc:subfield>
    <marc:subfield code="w">3072</marc:subfield>
  </marc:datafield>
  <marc:datafield tag="670" ind1=" " ind2=" ">
    <marc:subfield code="a">MGG</marc:subfield>
    <marc:subfield code="b">Isaac, Henricus [1450c-1517]</marc:subfield>
    <marc:subfield code="w">1263</marc:subfield>
  </marc:datafield>
  <marc:datafield tag="670" ind1=" " ind2=" ">
    <marc:subfield code="a">MGG|2/p</marc:subfield>
    <marc:subfield code="b">Isaac, Heinrich (Isaak; Ysac; Ysach; Yzac u.ä.) (Henrich; Henricus; Arrigo di Fiandra/de Alemania; Arrigo d'Ugo/Ugonis; Arrigo Tedesco u.ä.) [1450c-1517]</marc:subfield>
    <marc:subfield code="w">3828</marc:subfield>
  </marc:datafield>
  <marc:datafield tag="670" ind1=" " ind2=" ">
    <marc:subfield code="a">RISM A/I suppl.</marc:subfield>
    <marc:subfield code="b">Isaac, Heinrich</marc:subfield>
    <marc:subfield code="w">3808</marc:subfield>
  </marc:datafield>
  <marc:datafield tag="670" ind1=" " ind2=" ">
    <marc:subfield code="a">RISM A/I</marc:subfield>
    <marc:subfield code="b">Isaac, Heinrich</marc:subfield>
    <marc:subfield code="w">3806</marc:subfield>
  </marc:datafield>
  <marc:datafield tag="670" ind1=" " ind2=" ">
    <marc:subfield code="a">RiemannL|1|2/p</marc:subfield>
    <marc:subfield code="b">Isaac, Heinrich (Ysach; Ysac; Yzaac; Isac; Isaak; Arrigo Tedesco; Arrhigus) [1450a-1517]</marc:subfield>
    <marc:subfield code="w">408</marc:subfield>
  </marc:datafield>
  <marc:datafield tag="670" ind1=" " ind2=" ">
    <marc:subfield code="a">RiemannL|1|3</marc:subfield>
    <marc:subfield code="b">Isaak, Heinrich (Yzaac) (Henricus Isaac) [1450c-1517]</marc:subfield>
    <marc:subfield code="w">30026906</marc:subfield>
  </marc:datafield>
</marc:record>
